<?xml version="1.0" encoding="UTF-8"?><record xmlns="http://www.loc.gov/MARC21/slim" xmlns:cinclude="http://apache.org/cocoon/include/1.0" xmlns:zs="http://www.loc.gov/zing/srw/">
  <leader>01145cz  a2200205n  4500</leader>
  <controlfield tag="001">n  89669362 </controlfield>
  <controlfield tag="003">DLC</controlfield>
  <controlfield tag="005">20130319165652.0</controlfield>
  <controlfield tag="008">891205n| acannaab           |a ana      </controlfield>
  <datafield tag="010" ind1=" " ind2=" ">
    <subfield code="a">n  89669362 </subfield>
  </datafield>
  <datafield tag="040" ind1=" " ind2=" ">
    <subfield code="a">DLC</subfield>
    <subfield code="b">eng</subfield>
    <subfield code="c">DLC</subfield>
    <subfield code="d">DLC</subfield>
  </datafield>
  <datafield tag="046" ind1=" " ind2=" ">
    <subfield code="k">19520910</subfield>
  </datafield>
  <datafield tag="110" ind1="1" ind2=" ">
    <subfield code="a">Germany (West).</subfield>
    <subfield code="t">Treaties, etc.</subfield>
    <subfield code="g">Israel,</subfield>
    <subfield code="d">1952 September 10</subfield>
  </datafield>
  <datafield tag="410" ind1="1" ind2=" ">
    <subfield code="a">Germany (West).</subfield>
    <subfield code="t">Abkommen zwischen der Bundesrepublik Deutschland und dem Staate Israel</subfield>
  </datafield>
  <datafield tag="410" ind1="1" ind2=" ">
    <subfield code="a">Germany (West).</subfield>
    <subfield code="t">Agreement between the Federal Republic of Germany and the State of Israel</subfield>
  </datafield>
  <datafield tag="410" ind1="1" ind2=" ">
    <subfield code="w">nnea</subfield>
    <subfield code="a">Germany (West).</subfield>
    <subfield code="t">Treaties, etc.</subfield>
    <subfield code="g">Israel,</subfield>
    <subfield code="d">1952 Sept. 10</subfield>
  </datafield>
  <datafield tag="410" ind1="1" ind2=" ">
    <subfield code="a">Israel.</subfield>
    <subfield code="t">Treaties, etc.</subfield>
    <subfield code="g">Germany (West),</subfield>
    <subfield code="d">1952 September 10</subfield>
  </datafield>
  <datafield tag="430" ind1=" " ind2="0">
    <subfield code="a">Wiedergutmachungsabkommen</subfield>
    <subfield code="d">(1952)</subfield>
  </datafield>
  <datafield tag="667" ind1=" " ind2=" ">
    <subfield code="a">THIS 1XX FIELD CANNOT BE USED UNDER RDA UNTIL THIS RECORD HAS BEEN REVIEWED AND/OR UPDATED</subfield>
  </datafield>
  <datafield tag="670" ind1=" " ind2=" ">
    <subfield code="a">Die Haager Vertragswerke, 1952:</subfield>
    <subfield code="b">fwd. (Das am September 1952 in Luxemburg unterschriebene Wiedergutmachungsabkommen) citation title, p. 7 (Abkommen zwischen der Bundesrepublik Deutschland und dem Staate Israel) p. 23 (Agreement between the Federal Republic of Germany and the State of Israel)</subfield>
  </datafield>
</record>